

┌ltimos Movimientos

Cuenta corriente en Pesos Nro. 179-017855/8

Fecha	Suc. Origen	Desc. Sucursal	Cod. Operativo	Referencia	Concepto	Importe	Saldo
03/06/2026	0179	San Juan	4637	000031297	Impuesto ley 25.413 credito 0,6%	(66.000,00)	7.561.804,24
03/06/2026	0179	San Juan	4633	000031296	Impuesto ley 25.413 debito 0,6%	(894,35)	7.627.804,24
03/06/2026	0000	Casa Central - Work Cafķ	0827	04255063	Pago cci 24hs no gravada interbank - A itala sa                /              - var / 30708645326	(9.000.000,00)	7.628.698,59
03/06/2026	0000	Casa Central - Work Cafķ	1430	11861141	Transferencia ctas mobile banking - De cristian jose alcaraz  / varios       - var / 23316216129	11.000.000,00	16.628.698,59
03/06/2026	0000	Casa Central - Work Cafķ	2735	49205175	Debito debin -        id debin  z0kv87940338o3d4npeydx cuit 30707743987	(149.057,57)	5.628.698,59
02/06/2026	0179	San Juan	4637	000031292	Impuesto ley 25.413 credito 0,6%	(34.088,40)	5.777.756,16
02/06/2026	0000	Casa Central - Work Cafķ	1253	16439655	Credito transf online banking emp - De rutas automotores srl  / varios       - var / 30714276804	5.681.400,00	5.811.844,56
01/06/2026	0179	San Juan	4637	000031290	Impuesto ley 25.413 credito 0,6%	(163.800,00)	130.444,56
01/06/2026	0179	San Juan	4633	000031289	Impuesto ley 25.413 debito 0,6%	(51.180,14)	294.244,56
01/06/2026	0000	Casa Central - Work Cafķ	0827	04091658	Pago cci 24hs no gravada interbank - A itala sa                /              - var / 30708645326	(4.000.000,00)	345.424,70
01/06/2026	0000	Casa Central - Work Cafķ	0827	04091657	Pago cci 24hs no gravada interbank - A itala sa                /              - var / 30708645326	(14.500.000,00)	4.345.424,70
01/06/2026	0000	Casa Central - Work Cafķ	4967	000031286	Pago de tarjeta de credito	(5.323.552,06)	18.845.424,70
01/06/2026	0000	Casa Central - Work Cafķ	4719	03087043	Pago de servicios - Naturgy sj: 20002789169 - tarj nro. 5858	(3.206.470,87)	24.168.976,76
01/06/2026	0000	Casa Central - Work Cafķ	4805	70574508	Transferencia recibida - De silva, ivan            / factura      - var / 20355106943	27.300.000,00	27.375.447,63
01/06/2026	0000	Casa Central - Work Cafķ	3410	83996781	Transf recibida cvu mismo titular - De itala s a                / mercado pago   /30708645326	3.400.000,00	75.447,63

04/06/2026 10:50:06